@article{RANSAC1,
  title={Geometric primitive extraction using a genetic algorithm},
  author={Roth, Gerhard and Levine, Martin D.},
  journal={Pattern Analysis and Machine Intelligence, IEEE Transactions on},
  volume={16},
  number={9},
  pages={901--905},
  year={1994},
  publisher={IEEE}
}

@inproceedings{RANSAC2,
  title={Plane detection in point cloud data},
  author={Yang, Michael Ying and F{\"o}rstner, Wolfgang},
  booktitle={Proceedings of the 2nd int conf on machine control guidance, Bonn},
  volume={1},
  pages={95--104},
  year={2010}
}

@article{Hough1,
  title={The 3D Hough Transform for plane detection in point clouds: A review and a new accumulator design},
  author={Borrmann, Dorit and Elseberg, Jan and Lingemann, Kai and N{\"u}chter, Andreas},
  journal={3D Research},
  volume={2},
  number={2},
  pages={1--13},
  year={2011},
  publisher={Springer}
}

@phdthesis{Hough2,
  title={Deforming Scans for Improving the Map Quality Using Plane Extraction and Thin Plate Splines},
  author={Borrmann, Dorit and Elseberg, Jan},
  year={2009},
  school={Master thesis, University of Osnabr{\"u}ck, Germany}
}

@inproceedings{reggrow1,
  title={Fast plane detection and polygonalization in noisy 3D range images},
  author={Poppinga, Jann and Vaskevicius, Narunas and Birk, Andreas and Pathak, Kaustubh},
  booktitle={Intelligent Robots and Systems, 2008. IROS 2008. IEEE/RSJ International Conference on},
  pages={3378--3383},
  year={2008},
  organization={IEEE}
}

@inproceedings{reggrow2,
  title={Fast plane detection for slam from noisy range images in both structured and unstructured environments},
  author={Xiao, Junhao and Zhang, Jianhua and Zhang, Jianwei and Zhang, Houxiang and Hildre, Hans Petter},
  booktitle={Mechatronics and Automation (ICMA), 2011 International Conference on},
  pages={1768--1773},
  year={2011},
  organization={IEEE}
}

@article{reggrow3,
  title={Architectural modeling from sparsely scanned range data},
  author={Chen, Jie and Chen, Baoquan},
  journal={International Journal of Computer Vision},
  volume={78},
  number={2-3},
  pages={223--236},
  year={2008},
  publisher={Springer}
}

@inproceedings{maillage1,
  title={Efficient multi-view reconstruction of large-scale scenes using interest points, delaunay triangulation and graph cuts},
  author={Labatut, Patrick and Pons, J-P and Keriven, Renaud},
  booktitle={Computer Vision, 2007. ICCV 2007. IEEE 11th International Conference on},
  pages={1--8},
  year={2007},
  organization={IEEE}
}

@inproceedings{maillage2,
  title={Surface reconstruction through point set structuring},
  author={Lafarge, Florent and Alliez, Pierre},
  booktitle={Computer Graphics Forum},
  volume={32},
  number={2pt2},
  pages={225--234},
  year={2013},
  organization={Wiley Online Library}
}
